/home/martin/Documents/bibtex/masters_thesis.bib